@inproceedings{jacobson09conext,
	title = {Networking named content},
	booktitle = {ACM {CoNEXT}},
	author = {Jacobson, Van and Smetters, Diana K. and Thornton, James D. and Plass, Michael F. and Briggs, Nicholas H. and Braynard, Rebecca L.},
	year = {2009},
	pages = {1â€“12},
}
